% List references in alphabetical order by citation key

@Manual{Bates_etal_2013,
    title = {lme4: Linear mixed-effects models using Eigen and S4},
    author = {Douglas Bates and Martin Maechler and Ben Bolker and Steven Walker},
    year = {2013},
    note = {R package version 1.0-5},
    url = {http://CRAN.R-project.org/package=lme4},
  }

@Article{Hadfield_2010,
    title = {MCMC Methods for Multi-Response Generalized Linear Mixed Models: The {MCMCglmm} {R} Package},
    author = {Jarrod D Hadfield},
    journal = {Journal of Statistical Software},
    year = {2010},
    volume = {33},
    number = {2},
    pages = {1--22},
    url = {http://www.jstatsoft.org/v33/i02/},
}

@Manual{Kuznetsova_etal_2014,
    title = {lmerTest: Tests for random and fixed effects for linear mixed effect models (lmer objects of lme4 package).},
    author = {Alexandra Kuznetsova and Per {Bruun Brockhoff} and Rune {Haubo Bojesen Christensen}},
    year = {2014},
    note = {R package version 2.0-11},
    url = {http://CRAN.R-project.org/package=lmerTest},
  }

@Manual{Therneau_2014,
    title = {survival: A Package for Survival Analysis in S},
    author = {Terry M Therneau},
    year = {2014},
    note = {R package version 2.37-7},
    url = {http://CRAN.R-project.org/package=survival},
  }
